
@BOOK{Acary.Brogliato2007,
  author = 	 {Acary, V. and Brogliato, B.},
  title = 	 {Numerical Methods for Nonsmooth Dynamical Systems},
  publisher = 	 {Springer Verlag},
  year = 	 {forthcoming}
}
@Article{denoyelle2006,
  author =	 {Denoyelle, P. and Acary, V.},
  title =	 {The non-smooth approach applied to simulating
                  integrated circuits and power
                  electronics. {E}volution of electronic circuit
                  simulators towards fast-{SPICE} performance},
  journal =	 {INRIA Research Report 0321,
                  http://hal.inria.fr/docs/00/08/09/20/PDF/RT-0321.pdf},
  year =	 {2006}
}
