@BOOK{Chua.ea1991,
  author =	 "Chua, L.O. and Desoer, C.A. and Kuh, E.S.",
  title =	 "Linear and Non Linear Circuits",
  publisher =	 {McGraw-Hill},
  year =	 {1991}
}

@TechReport{Gunther.Feldmann1993,
  author = 	 {G\"unther, M. and Feldmann, U.},
  title = 	 {The {DAE}-index in electric circuit simulation},
  institution =  {Facult\"at f\"ur Mathematiik.  Technische Universit\"at M\"unchen},
  year = 	 1993,
  number = 	 {TUM-M9319}}

@BOOK{Ogrodzki1994,
  author = 	 "Ogrodzki, J.",
  title = 	 "Circuit Simulation Methods and Algorithms",
  publisher = 	 {CRC press},
  year = 	 {1994}
}


@BOOK{Leenaerts.VanBokhoven1998,
  author =	 {Leenaerts , D.M.W. and Van Bokhoven , W.M. },
  title =	 {Piecewise Linear Modeling and Analysis},
  year =	 {1998},
  isbn =	 {0792381904},
  publisher =	 {Kluwer Academic Publishers},
  address =	 {Norwell, MA, USA},
}

@Article{Estevez.Tischendorf2000,
  author = 	 {Est\`evez Schwarz, D. and Tischendorf C.},
  title = 	 {Structural analysis for electric circuits and consequences for MNA},
  journal = 	 {Int. J. Circ. Theor. Appl.},
  year = 	 2000,
  volume = 	 28,
  pages = 	 { 131-162}}

@Article{Tischendorf1999,
  author = 	 {Tischendorf, C.},
  title = 	 {Topological index calculation in of {DAE} in circuit simulation},
  journal = 	 {Surv. Math. Ind.},
  year = 	 1999,
  volume = 	 8,
  number = 	 {3--4},
  pages = 	 {187--189}}


@TechReport{Bachle.ebert2005a,
  author = 	 {Bächle,S and  Ebert, F. },
  title = 	 { Graph theoretical algorithms for index reduction in circuit simulation},
  institution =  {Inst. f. Mathematik, TU Berlin},
  year = 	 2005,
  number = 	 { Preprint 05-245 (Matheon)}}

@TechReport{Bachle.ebert2005b,
  author = 	 {Bächle,S and  Ebert, F. },
  title = 	 {  Element-based topological index reduction for differential-algebraic equations in circuit simulation},
  institution =  {Inst. f. Mathematik, TU Berlin},
  year = 	 2005,
  number = 	 { Preprint 05-246 (Matheon)}}

