../paper_switched_circuits/CircuitSimulation.bib