@inproceedings{ELDO1985,
 author = {Hennion , B. and Senn , P. and Coquelle , D.},
 title = {A new algorithm for third generation circuit simulators: the one-step relaxation method},
 booktitle = {DAC '85: Proceedings of the 22nd ACM/IEEE conference on Design automation},
 year = {1985},
 isbn = {0-8186-0635-5},
 pages = {137--143},
 location = {Las Vegas, Nevada, United States},
 doi = {http://doi.acm.org/10.1145/317825.317847},
 publisher = {ACM Press},
 address = {New York, NY, USA},
 }

@techreport{RR-simu-elec,
    title = {The Non-Smooth Approach applied to simulating Integrated Circuits and Power Electronics \\
             Evolution of electronic circuit simulators towards fast-SPICE performance},
    number = {RT-0321},
    institution = {INRIA},
    address = {France},
    year = {June 2006},
    author = {Denoyelle , P. and Acary , V. }
} 
